<record><leader>00000cas a22000007a 4500</leader><controlfield tag="001">17359674</controlfield><controlfield tag="008">880119d193219uuohuuu ne      0    0eng d</controlfield><datafield ind1=" " ind2=" " tag="010"><subfield code="a">sn 88078163 </subfield></datafield><datafield ind1=" " ind2=" " tag="040"><subfield code="a">ONP</subfield><subfield code="b">eng</subfield><subfield code="c">ONP</subfield><subfield code="d">OCLCQ</subfield></datafield><datafield ind1=" " ind2=" " tag="042"><subfield code="a">msc</subfield></datafield><datafield ind1="0" ind2="0" tag="245"><subfield code="a">Dresden sockdolager.</subfield></datafield><datafield ind1=" " ind2=" " tag="260"><subfield code="a">Dresden, Ohio :</subfield><subfield code="b">Socrates Sock Society</subfield></datafield><datafield ind1="1" ind2=" " tag="362"><subfield code="a">Began in 1932.</subfield></datafield><datafield ind1=" " ind2=" " tag="588"><subfield code="a">Description based on: Vol. 1, no. 2 (May 26, 1932).</subfield></datafield><datafield ind1=" " ind2=" " tag="752"><subfield code="a">United States</subfield><subfield code="b">Ohio</subfield><subfield code="c">Muskingum</subfield><subfield code="d">Dresden.</subfield></datafield></record>